<?xml version="1.0" encoding="UTF-8"?><collection xmlns="http://www.loc.gov/MARC21/slim"><record><leader>00560nam--2200181-u-4500</leader><controlfield tag="001">000054962</controlfield><controlfield tag="002">20161230</controlfield><controlfield tag="005">20161230201051</controlfield><controlfield tag="008">120716s1000------------r-----000-0-fre-d</controlfield><datafield ind1=" " ind2=" " tag="040"><subfield code="a">IFIN-HH</subfield></datafield><datafield ind1=" " ind2=" " tag="041"><subfield code="a">fre</subfield></datafield><datafield ind1=" " ind2=" " tag="080"><subfield code="a">539.199:535.36(043)</subfield></datafield><datafield ind1="1" ind2=" " tag="100"><subfield code="a">Gouesin-menez, Renee</subfield></datafield><datafield ind1="1" ind2="0" tag="245"><subfield code="a">Applications de la diffusion quasi elestique de la lumiere al'etude des proprietes dynamiques de macromolecules chargees</subfield><subfield code="b">These</subfield><subfield code="c">Renee gouesin-menez</subfield></datafield><datafield ind1=" " ind2=" " tag="260"><subfield code="a">Paris</subfield><subfield code="b">Universite</subfield><subfield code="c">1979</subfield></datafield><datafield ind1=" " ind2=" " tag="300"><subfield code="a">216P</subfield></datafield><datafield ind1=" " ind2=" " tag="852"><subfield code="a">48456</subfield><subfield code="c">539.19</subfield></datafield><datafield ind1=" " ind2=" " tag="CAT"><subfield code="a">Sys</subfield><subfield code="c">20120716</subfield><subfield code="h">171327</subfield></datafield></record></collection>